<?xml version="1.0" encoding="UTF-8"?><collection xmlns="http://www.loc.gov/MARC21/slim"><record><leader>00405nam--2200121-i-4500</leader><controlfield tag="001">000036688</controlfield><controlfield tag="002">20161230</controlfield><controlfield tag="005">20161230201041</controlfield><controlfield tag="008">060222s1000------------r-----000-0-eng-d</controlfield><datafield ind1=" " ind2=" " tag="080"><subfield code="a">533.9:539.175.3(083.81)</subfield></datafield><datafield ind1=" " ind2=" " tag="245"><subfield code="a">Plasma physics and controlled nuclear fusion a catalogue of books and periodicals available in the barc library</subfield></datafield><datafield ind1=" " ind2=" " tag="260"><subfield code="a">Bombay, Bhabha Atomic Research Centre, 1976, 27p</subfield></datafield><datafield ind1=" " ind2=" " tag="852"><subfield code="a">D.2125</subfield></datafield></record></collection>